@article{einstein1905,
  author = {Albert Einstein},
  title = {Zur Elektrodynamik bewegter KÃ¶rper},
  journal = {Annalen der Physik},
  volume = {322},
  number = {10},
  pages = {891--921},
  year = {1905},
  doi = {10.1002/andp.19053221004},
}

@book{knuth1984texbook,
  author = {Donald E. Knuth},
  title = {The \TeX{}book},
  publisher = {Addison-Wesley},
  year = {1984},
  address = {Reading, MA},
  isbn = {0201134470},
}

@misc{lamport1994latex,
  author = {Leslie Lamport},
  title = {\LaTeX{}: A Document Preparation System},
  year = {1994},
  howpublished = {Addison-Wesley, Reading, MA},
  note = {ISBN 0-021-52983-1},
}
